<record><leader>00000cas a2200000 a 4500</leader><controlfield tag="001">45672005</controlfield><controlfield tag="008">010108d19761976azumr ne      0   a0eng d</controlfield><datafield ind1=" " ind2=" " tag="010"><subfield code="a">sn 00060106 </subfield></datafield><datafield ind1=" " ind2=" " tag="040"><subfield code="a">ANN</subfield><subfield code="b">eng</subfield><subfield code="c">ANN</subfield><subfield code="d">OCLCO</subfield></datafield><datafield ind1="1" ind2=" " tag="029"><subfield code="a">AU@</subfield><subfield code="b">000022254469</subfield></datafield><datafield ind1=" " ind2=" " tag="042"><subfield code="a">msc</subfield></datafield><datafield ind1=" " ind2=" " tag="043"><subfield code="a">n-us-az</subfield></datafield><datafield ind1="0" ind2="0" tag="245"><subfield code="a">Lake Mohave Rancho news.</subfield></datafield><datafield ind1="0" ind2="0" tag="246"><subfield code="a">LMR news</subfield></datafield><datafield ind1=" " ind2=" " tag="260"><subfield code="a">Dolan Springs, Ariz. :</subfield><subfield code="b">[Chamber of Commerce],</subfield></datafield><datafield ind1=" " ind2=" " tag="300"><subfield code="a">v.</subfield></datafield><datafield ind1=" " ind2=" " tag="310"><subfield code="a">Monthly</subfield></datafield><datafield ind1="0" ind2=" " tag="362"><subfield code="a">Vol. 1, no. 1 (Sept. 1976)-v. 1, no. 4 (Dec. 1976).</subfield></datafield><datafield ind1=" " ind2=" " tag="500"><subfield code="a">Co-edited by: Chamber of Commerce, Community Council, AARPS, Health Corp., Youth Group, Churches, Rock Club and Water Association.</subfield></datafield><datafield ind1=" " ind2="4" tag="651"><subfield code="a">Dolan Springs (Ariz.)</subfield><subfield code="v">Newspapers.</subfield></datafield><datafield ind1=" " ind2="0" tag="651"><subfield code="a">Kingman (Ariz.)</subfield><subfield code="v">Newspapers.</subfield></datafield><datafield ind1=" " ind2="0" tag="651"><subfield code="a">Mohave County (Ala.)</subfield><subfield code="v">Newspapers.</subfield></datafield><datafield ind1=" " ind2=" " tag="752"><subfield code="a">United States</subfield><subfield code="b">Arizona</subfield><subfield code="c">Mohave</subfield><subfield code="d">Dolan Springs.</subfield></datafield><datafield ind1="0" ind2="0" tag="785"><subfield code="t">Joshua Journal</subfield><subfield code="w">(DLC)sn 00058016</subfield></datafield></record>